@book{nwpu2020,
	title={基于导师喜好的博士研究生学位论文命名方法关键技术研究},
	author={张三},
	year={2014},
	publisher={西北工业大学出版社}
}

@article{da2019survey,
	title={A survey on transfer learning for multiagent reinforcement learning systems},
	author={Da Silva, Felipe Leno and Costa, Anna Helena Reali},
	journal={Journal of Artificial Intelligence Research},
	volume={64},
	pages={645--703},
	year={2019}
}




